@inproceedings{ youtubedeep,
title	= {Deep Neural Networks for YouTube Recommendations},
author	= {Paul Covington and Jay Adams and Emre Sargin},
year	= {2016},
booktitle	= {Proceedings of the 10th ACM Conference on Recommender Systems},
address	= {New York, NY, USA}
}

@misc{ wiki:lemma,
	author = "{Wikipedia contributors}",
	title = "Lemmatisation --- {Wikipedia}{,} The Free Encyclopedia",
	year = "2019",
	url = "https://en.wikipedia.org/w/index.php?title=Lemmatisation&oldid=885308487",
	note = "[Online; accessed 25-April-2019]"
}

@misc{ wiki:stem,
	author = "{Wikipedia contributors}",
	title = "Stemming --- {Wikipedia}{,} The Free Encyclopedia",
	year = "2019",
	url = "https://en.wikipedia.org/w/index.php?title=Stemming&oldid=893610120",
	note = "[Online; accessed 25-April-2019]"
}

@misc{ wiki:stopwords,
	author = "{Wikipedia contributors}",
	title = "Stop words --- {Wikipedia}{,} The Free Encyclopedia",
	year = "2019",
	url = "https://en.wikipedia.org/w/index.php?title=Stop_words&oldid=889699898",
	note = "[Online; accessed 25-April-2019]"
}

@book{Goodfellow-et-al-2016,
	title={Deep Learning},
	author={Ian Goodfellow and Yoshua Bengio and Aaron Courville},
	publisher={MIT Press},
	note={\url{http://www.deeplearningbook.org}},
	year={2016}
}

